@misc{phi3,
  author       = {{Microsoft Research}},
  title        = {{phi-3}: A 3.8B-Parameter, Instruction-Tuned, 4-bit Language Model},
  year         = {2024},
  howpublished = {\url{https://aka.ms/phi-3}},

}

@inproceedings{tgi,
  author    = {Younes Belkada and Quentin Lhoest and Sylvain Gugger and Lewis Tunstall},
  title     = {Text-Generation-Inference: Scalable and Cost-Efficient {LLM} Serving},
  booktitle = {Proceedings of the 4th Conference on Machine Learning and Systems (MLSys)},
  year      = {2024},
  url       = {https://arxiv.org/abs/2309.17458}
}

@inproceedings{vllm,
  author    = {Kaiyuan Wang and Eric Liang and Shreya Rajpal and Zihao Ye and Joseph E.\ Gonzalez},
  title     = {{vLLM}: Easy, Fast, and Cheap {LLM} Serving with {PagedAttention}},
  booktitle = {Proceedings of MLSys 2024},
  year      = {2024},
  url       = {https://arxiv.org/abs/2309.06180}
}

@inproceedings{fastchat,
  author    = {Yifan Yang and Hao Liu and Pengfei Liu and Jiannan Li and Graham Neubig},
  title     = {FastChat: Serving and Evaluating Large Language Models for Conversational AI},
  booktitle = {Proceedings of ACL System Demonstrations},
  year      = {2023},
  url       = {https://arxiv.org/abs/2305.14259}
}

@misc{llamacpp,
  author       = {Georgi Gerganov},
  title        = {\texttt{llama.cpp}: Port of {Facebook LLaMA} inference to C/C++},
  year         = {2023},
  howpublished = {\url{https://github.com/ggerganov/llama.cpp}},

}

@inproceedings{pretzel,
  author    = {Suneel Marthi and Badrish Chandramouli and others},
  title     = {PRETZEL: Opening the Black Box of Machine Learning Prediction Serving Systems},
  booktitle = {Proceedings of the 16th USENIX Symposium on Networked Systems Design and Implementation (NSDI)},
  year      = {2019},
  url       = {https://www.usenix.org/system/files/nsdi19-marthi.pdf}
}

@misc{serverlessgpu,
  author       = {{Amazon Web Services}},
  title        = {AWS Lambda GPU Preview Announcement},
  year         = {2024},
  howpublished = {\url{https://aws.amazon.com/blogs/compute/introducing-aws-lambda-gpu/}},

}
